<?xml version="1.0" encoding="UTF-8"?><collection xmlns="http://www.loc.gov/MARC21/slim"><record><leader>00514nam--2200193-i-4500</leader><controlfield tag="001">000038917</controlfield><controlfield tag="002">20161230</controlfield><controlfield tag="005">20161230201042</controlfield><controlfield tag="008">060222s1000------------r-----000-0-fre-d</controlfield><datafield ind1=" " ind2=" " tag="040"><subfield code="a">IFIN-HH</subfield></datafield><datafield ind1=" " ind2=" " tag="041"><subfield code="a">fre</subfield></datafield><datafield ind1=" " ind2=" " tag="080"><subfield code="a">539.18</subfield></datafield><datafield ind1="1" ind2=" " tag="100"><subfield code="a">Gamow, G</subfield></datafield><datafield ind1="1" ind2="0" tag="245"><subfield code="a">Monsieur tompkins explore l'atome</subfield><subfield code="b">Traduit par genevieve gueron</subfield><subfield code="c">G. gamow</subfield></datafield><datafield ind1=" " ind2=" " tag="250"><subfield code="a">Edition Revuie Par L'Auteur Nouveau Tirage</subfield></datafield><datafield ind1=" " ind2=" " tag="260"><subfield code="a">Paris</subfield><subfield code="b">Dunod</subfield><subfield code="c">1956</subfield></datafield><datafield ind1=" " ind2=" " tag="300"><subfield code="a">116P</subfield></datafield><datafield ind1=" " ind2=" " tag="852"><subfield code="a">12625</subfield><subfield code="c">539.18</subfield></datafield><datafield ind1=" " ind2=" " tag="CAT"><subfield code="a">Sys</subfield><subfield code="c">20150210</subfield><subfield code="h">210954</subfield></datafield></record></collection>